<record><leader>00000cas a22000007a 4500</leader><controlfield tag="001">20614764</controlfield><controlfield tag="008">891108d18881890nduwr ne      0    0eng d</controlfield><datafield ind1=" " ind2=" " tag="010"><subfield code="a">sn 88076111 </subfield></datafield><datafield ind1=" " ind2=" " tag="040"><subfield code="a">NOP</subfield><subfield code="b">eng</subfield><subfield code="c">NOP</subfield><subfield code="d">OCLCQ</subfield></datafield><datafield ind1=" " ind2=" " tag="042"><subfield code="a">msc</subfield></datafield><datafield ind1="0" ind2=" " tag="130"><subfield code="a">Dakota settler (Bismarck, N.D.)</subfield></datafield><datafield ind1="1" ind2="0" tag="245"><subfield code="a">Dakota settler.</subfield></datafield><datafield ind1=" " ind2=" " tag="260"><subfield code="a">Bismarck, Dakota [N.D.] :</subfield><subfield code="b">W.P. Moffet [and] A.B. Gray</subfield></datafield><datafield ind1=" " ind2=" " tag="300"><subfield code="a">2 v. :</subfield><subfield code="b">ill. ;</subfield><subfield code="c">55 cm.</subfield></datafield><datafield ind1=" " ind2=" " tag="310"><subfield code="a">Weekly</subfield></datafield><datafield ind1="0" ind2=" " tag="362"><subfield code="a">Vol. 2, no. 1 (Feb. 16, 1888)-v. 3, no. 49 (Jan. 16, 1890).</subfield></datafield><datafield ind1=" " ind2=" " tag="500"><subfield code="a">"Official Paper of Burleigh County", 1889-1890.</subfield></datafield><datafield ind1=" " ind2=" " tag="530"><subfield code="a">Available on microfilm from the State Historical Society of North Dakota.</subfield></datafield><datafield ind1=" " ind2=" " tag="752"><subfield code="a">United States</subfield><subfield code="b">North Dakota</subfield><subfield code="c">Burleigh</subfield><subfield code="d">Bismarck.</subfield></datafield><datafield ind1="0" ind2="0" tag="780"><subfield code="t">Dakota settler and Burleigh County farmer</subfield><subfield code="w">(DLC)sn 88076110</subfield></datafield><datafield ind1="0" ind2="0" tag="785"><subfield code="t">Settler (Bismarck, N.D.)</subfield><subfield code="w">(DLC)sn 88076112</subfield></datafield></record>